Bibliographie. Exemple ici :
http://www.tuteurs.ens.fr/logiciels/latex/bibtex.html
